<?xml version="1.0" encoding="UTF-8"?><collection xmlns="http://www.loc.gov/MARC21/slim"><record><leader>00405nam--2200133-i-4500</leader><controlfield tag="001">000033162</controlfield><controlfield tag="002">20161230</controlfield><controlfield tag="005">20161230201039</controlfield><controlfield tag="008">060222s1000------------r-----000-0-eng-d</controlfield><datafield ind1=" " ind2=" " tag="080"><subfield code="a">621.015.3(043)</subfield></datafield><datafield ind1=" " ind2=" " tag="100"><subfield code="a">Moinet, Claire</subfield></datafield><datafield ind1=" " ind2=" " tag="245"><subfield code="a">Pronostics ponderal et metabolique de l`obesite etudies sur 109 sujets obeses, suivis pendant 1-a 4 ans. these</subfield></datafield><datafield ind1=" " ind2=" " tag="260"><subfield code="a">Paris, Univ.Paris, 1973, 54p</subfield></datafield><datafield ind1=" " ind2=" " tag="852"><subfield code="a">40713</subfield></datafield></record></collection>